% This file was created with JabRef 2.10.
% Encoding: Cp1252


@Booklet{Author2013,
  Title                    = {My Website},
  Author                   = {My Author},
  Month                    = {04},
  Year                     = {2013},

  Date-added               = {2013-10-04 14:03:43 +0000},
  Date-modified            = {2013-10-04 14:11:43 +0000},
  Keywords                 = {Online},
  Url                      = {http://www.moritzrupp.de},
  Urldate                  = {2013-10-04}
}

@Book{Testautor2002,
  Title                    = {Testbuch},
  Author                   = {Testautor},
  Publisher                = {Testpublisher},
  Year                     = {2002},

  Address                  = {Testhausen},
  Month                    = {Januar},

  Date-added               = {2013-06-01 14:30:57 +0000},
  Date-modified            = {2013-10-04 14:04:54 +0000}
}

