%% This BibTeX bibliography file was created using BibDesk.
%% http://bibdesk.sourceforge.net/


%% Created for Moritz Rupp at 2013-06-01 17:10:51 +0200 


%% Saved with string encoding Unicode (UTF-8) 



@book{Testautor:2002fk,
	Address = {Testhausen},
	Author = {Testautor},
	Date-Added = {2013-06-01 14:30:57 +0000},
	Date-Modified = {2013-06-01 14:31:28 +0000},
	Month = {Januar},
	Publisher = {Testpublisher},
	Title = {Testbuch},
	Year = {2002}}
